
@book{brachman-knowledge-representation,
  title={Readings in knowledge representation},
  author={Brachman, Ronald J and Levesque, Hector J},
  year={1985},
  publisher={Morgan Kaufmann Publishers Inc.}
}

@article{spivak-ologs,
  title={Ologs: a categorical framework for knowledge representation},
  author={Spivak, David I and Kent, Robert E},
  journal={PLoS One},
  volume={7},
  number={1},
  pages={e24274},
  year={2012},
  publisher={Public Library of Science}
}

@article{hotho-ontology-clustering,
  title={Ontology-based text document clustering},
  author={Hotho, Andreas and Maedche, Alexander and Staab, Steffen},
  journal={KI},
  volume={16},
  number={4},
  pages={48--54},
  year={2002}
}

@phdthesis{ellouze-topic-maps-thesis,
  title={Approche de recherche intelligente fond{\'e}e sur le mod{\`e}le des Topic Maps: application au domaine de la construction durable},
  author={Ellouze, Nebrasse},
  year={2010},
  school={Paris, CNAM}
}
